<?xml version="1.0" encoding="UTF-8"?><record xmlns="http://www.loc.gov/MARC21/slim" xmlns:cinclude="http://apache.org/cocoon/include/1.0" xmlns:zs="http://www.loc.gov/zing/srw/">
  <leader>00594nz  a2200145n  4500</leader>
  <controlfield tag="001">no2002070356</controlfield>
  <controlfield tag="003">DLC</controlfield>
  <controlfield tag="005">20020807053051.0</controlfield>
  <controlfield tag="008">020806n| acannaabn          |a aaa     c</controlfield>
  <datafield tag="010" ind1=" " ind2=" ">
    <subfield code="a">no2002070356</subfield>
  </datafield>
  <datafield tag="035" ind1=" " ind2=" ">
    <subfield code="a">(OCoLC)oca05830240</subfield>
  </datafield>
  <datafield tag="040" ind1=" " ind2=" ">
    <subfield code="a">BrSU</subfield>
    <subfield code="b">eng</subfield>
    <subfield code="c">BrSU</subfield>
  </datafield>
  <datafield tag="100" ind1="1" ind2=" ">
    <subfield code="a">Peres, Heloísa Helena Ciqueto</subfield>
  </datafield>
  <datafield tag="400" ind1="1" ind2=" ">
    <subfield code="a">Ciqueto Peres, Heloísa Helena</subfield>
  </datafield>
  <datafield tag="670" ind1=" " ind2=" ">
    <subfield code="a">Fenômeno recrutamento e seleção de enfermeiros em hospitais, 1995:</subfield>
    <subfield code="b">t.p. (Heloísa Helena Ciqueto Peres, dissertação de mestrado, Departamento de Orientação Profissional, Escola de Enfermagem, Universidade de São Paulo)</subfield>
  </datafield>
</record>